@article{CMS-PAS-PFT-08-001,
      title        = "CMS Strategies for tau reconstruction and identification
                      using particle-flow techniques",
      year = "2008",
      collaboration = "CMS",
}

@article{CMS-PAS-PFT-09-001,
      title        = "Particle-Flow Event Reconstruction in CMS and Performance
                      for Jets, Taus, and MET",
      month        = "Apr",
      year         = "2009",
      collaboration = "CMS",
}

@article{CMS-PAS-PFT-10-001,
      title        = "Commissioning of the Particle-flow Event Reconstruction
                      with the first LHC collisions recorded in the CMS detector",
      year = "2010",
      collaboration = "CMS",
}

@article{CMS-PAS-PFT-10-004,
      title        = "Study of tau reconstruction algorithms using pp collisions
                      data collected at sqrt(s) = 7 TeV",
      year = "2010",
      collaboration = "CMS",
}

