
@Article{:2008zzk,
     author    = "Adolphi, R. and others",
 collaboration = "CMS",
     title     = "{The CMS experiment at the CERN LHC}",
     journal   = "JINST",
     volume    = "0803",
     year      = "2008",
     pages     = "S08004",
     doi       = "10.1088/1748-0221/3/08/S08004",
     SLACcitation  = "%%CITATION = JINST,0803,S08004;%%"
}
  
@Article{Chatrchyan:2009si,
     author    = "Chatrchyan, Serguei and others",
 collaboration = "CMS",
     title     = "{Precise Mapping of the Magnetic Field in the CMS Barrel
                  Yoke using Cosmic Rays}",
     year      = "2009",
     eprint    = "0910.5530",
     archivePrefix = "arXiv",
     primaryClass  =  "physics.ins-det",
     SLACcitation  = "%%CITATION = 0910.5530;%%"
}

@Article{Friis:2008tg,
     author    = "Friis, E. K.",
 collaboration = "CMS",
     title     = "{Reconstruction and Identification of Hadronic Decays of
                  Taus using the CMS Detector}",
     year      = "2008",
     eprint    = "0810.3656",
     archivePrefix = "arXiv",
     primaryClass  =  "hep-ex",
     SLACcitation  = "%%CITATION = 0810.3656;%%"
}

@ARTICLE{2004APS..DPPFP1051F,
   author = {{Friis}, E.~K. and {Gentile}, C.~A.},
    title = "{Empirical Bench-top Testing for Silicon Electron Beam Transmission Windows}",
  journal = {APS Meeting Abstracts},
     year = 2004,
    month = nov,
    pages = {1051P-+},
   adsurl = {http://adsabs.harvard.edu/abs/2004APS..DPPFP1051F},
  adsnote = {Provided by the SAO/NASA Astrophysics Data System}
}

@article{CMS-PAS-PFT-08-001,
      title        = "{CMS Strategies for tau reconstruction and identification
                      using particle-flow techniques}",
      author = "The CMS Collaboration",
      year = "2008",
      archivePrefix="CMS PAS",
      eprint= "PFT-08-001"
}
