@Article{Friis:2008tg,
     author    = "Friis, E. K.",
 collaboration = "CMS",
     title     = "{Reconstruction and Identification of Hadronic Decays of
                  Taus using the CMS Detector}",
     year      = "2008",
     eprint    = "0810.3656",
     archivePrefix = "arXiv",
     primaryClass  =  "hep-ex",
     SLACcitation  = "%%CITATION = 0810.3656;%%"
}

@ARTICLE{2004APS..DPPFP1051F,
   author = {{Friis}, E.~K. and {Gentile}, C.~A.},
    title = "{Empirical Bench-top Testing for Silicon Electron Beam Transmission Windows}",
  journal = {APS Meeting Abstracts},
     year = 2004,
    month = nov,
    pages = {1051P-+},
   adsurl = {http://adsabs.harvard.edu/abs/2004APS..DPPFP1051F},
  adsnote = {Provided by the SAO/NASA Astrophysics Data System}
}

