@Article{Khachatryan:2010pw,
     author    = "Khachatryan, V. and others",
 collaboration = "CMS",
     title     = "{CMS Tracking Performance Results from early LHC
                  Operation}",
     year      = "2010",
     eprint    = "1007.1988",
     archivePrefix = "arXiv",
     primaryClass  =  "physics.ins-det",
     SLACcitation  = "%%CITATION = 1007.1988;%%"
}
@Article{Khachatryan:2010pv,
     author    = "Khachatryan, Vardan and others",
 collaboration = "CMS",
     title     = "{Measurement of the Underlying Event Activity in Proton-
                  Proton Collisions at 0.9 TeV}",
     year      = "2010",
     eprint    = "1006.2083",
     archivePrefix = "arXiv",
     primaryClass  =  "hep-ex",
     SLACcitation  = "%%CITATION = 1006.2083;%%"
}
@Article{Khachatryan:2010mw,
     author    = "Khachatryan, Vardan and others",
 collaboration = "CMS",
     title     = "{Measurement of the charge ratio of atmospheric muons with
                  the CMS detector}",
     journal   = "Phys. Lett.",
     volume    = "B692",
     year      = "2010",
     pages     = "83-104",
     eprint    = "1005.5332",
     archivePrefix = "arXiv",
     primaryClass  =  "hep-ex",
     doi       = "10.1016/j.physletb.2010.07.033",
     SLACcitation  = "%%CITATION = 1005.5332;%%"
}
@Article{Khachatryan:2010us,
     author    = "Khachatryan, Vardan and others",
 collaboration = "CMS",
     title     = "{Transverse-momentum and pseudorapidity distributions of
                  charged hadrons in pp collisions at sqrt(s) = 7 TeV}",
     journal   = "Phys. Rev. Lett.",
     volume    = "105",
     year      = "2010",
     pages     = "022002",
     eprint    = "1005.3299",
     archivePrefix = "arXiv",
     primaryClass  =  "hep-ex",
     doi       = "10.1103/PhysRevLett.105.022002",
     SLACcitation  = "%%CITATION = 1005.3299;%%"
}
@Article{Khachatryan:2010un,
     author    = "Khachatryan, Vardan and others",
 collaboration = "CMS",
     title     = "{First Measurement of Bose-Einstein Correlations in Proton-
                  Proton Collisions at $\sqrt{s}=0.9$ and 2.36 TeV at the
                  LHC}",
     journal   = "Phys. Rev. Lett.",
     volume    = "105",
     year      = "2010",
     pages     = "032001",
     eprint    = "1005.3294",
     archivePrefix = "arXiv",
     primaryClass  =  "hep-ex",
     doi       = "10.1103/PhysRevLett.105.032001",
     SLACcitation  = "%%CITATION = 1005.3294;%%"
}
@Article{Khachatryan:2010xs,
     author    = "Khachatryan, Vardan and others",
 collaboration = "CMS",
     title     = "{Transverse momentum and pseudorapidity distributions of
                  charged hadrons in pp collisions at sqrt(s) = 0.9 and 2.36
                  TeV}",
     journal   = "JHEP",
     volume    = "02",
     year      = "2010",
     pages     = "041",
     eprint    = "1002.0621",
     archivePrefix = "arXiv",
     primaryClass  =  "hep-ex",
     doi       = "10.1007/JHEP02(2010)041",
     SLACcitation  = "%%CITATION = 1002.0621;%%"
}
@Article{:2009dv,
     author    = "Chatrchyan, Serguei and others",
 collaboration = "CMS",
     title     = "{Commissioning and Performance of the CMS Pixel Tracker
                  with Cosmic Ray Muons}",
     journal   = "JINST",
     volume    = "5",
     year      = "2010",
     pages     = "T03007",
     eprint    = "0911.5434",
     archivePrefix = "arXiv",
     primaryClass  =  "physics.ins-det",
     doi       = "10.1088/1748-0221/5/03/T03007",
     SLACcitation  = "%%CITATION = 0911.5434;%%"
}
@Article{:2009dq,
     author    = "Chatrchyan, Serguei and others",
 collaboration = "CMS",
     title     = "{Performance of the CMS Level-1 Trigger during
                  Commissioning with Cosmic Ray Muons}",
     journal   = "JINST",
     volume    = "5",
     year      = "2010",
     pages     = "T03002",
     eprint    = "0911.5422",
     archivePrefix = "arXiv",
     primaryClass  =  "physics.ins-det",
     doi       = "10.1088/1748-0221/5/03/T03002",
     SLACcitation  = "%%CITATION = 0911.5422;%%"
}
@Article{:2009dg,
     author    = "Chatrchyan, Serguei and others",
 collaboration = "CMS",
     title     = "{Measurement of the Muon Stopping Power in Lead
                  Tungstate}",
     journal   = "JINST",
     volume    = "5",
     year      = "2010",
     pages     = "P03007",
     eprint    = "0911.5397",
     archivePrefix = "arXiv",
     primaryClass  =  "physics.ins-det",
     doi       = "10.1088/1748-0221/5/03/P03007",
     SLACcitation  = "%%CITATION = 0911.5397;%%"
}
@Article{:2009vs,
     author    = "Chatrchyan, Serguei and others",
 collaboration = "CMS",
     title     = "{Commissioning and Performance of the CMS Silicon Strip
                  Tracker with Cosmic Ray Muons}",
     journal   = "JINST",
     volume    = "5",
     year      = "2010",
     pages     = "T03008",
     eprint    = "0911.4996",
     archivePrefix = "arXiv",
     primaryClass  =  "physics.ins-det",
     doi       = "10.1088/1748-0221/5/03/T03008",
     SLACcitation  = "%%CITATION = 0911.4996;%%"
}
@Article{:2009vq,
     author    = "Chatrchyan, Serguei and others",
 collaboration = "CMS",
     title     = "{Performance of CMS Muon Reconstruction in Cosmic-Ray
                  Events}",
     journal   = "JINST",
     volume    = "5",
     year      = "2010",
     pages     = "T03022",
     eprint    = "0911.4994",
     archivePrefix = "arXiv",
     primaryClass  =  "physics.ins-det",
     doi       = "10.1088/1748-0221/5/03/T03022",
     SLACcitation  = "%%CITATION = 0911.4994;%%"
}
@Article{:2009vp,
     author    = "Chatrchyan, Serguei and others",
 collaboration = "CMS",
     title     = "{Performance of the CMS Cathode Strip Chambers with Cosmic
                  Rays}",
     journal   = "JINST",
     volume    = "5",
     year      = "2010",
     pages     = "T03018",
     eprint    = "0911.4992",
     archivePrefix = "arXiv",
     primaryClass  =  "physics.ins-det",
     doi       = "10.1088/1748-0221/5/03/T03018",
     SLACcitation  = "%%CITATION = 0911.4992;%%"
}
@Article{:2009vn,
     author    = "Chatrchyan, Serguei and others",
 collaboration = "CMS",
     title     = "{Performance of the CMS Hadron Calorimeter with Cosmic Ray
                  Muons and LHC Beam Data}",
     journal   = "JINST",
     volume    = "5",
     year      = "2010",
     pages     = "T03012",
     eprint    = "0911.4991",
     archivePrefix = "arXiv",
     primaryClass  =  "physics.ins-det",
     doi       = "10.1088/1748-0221/5/03/T03012",
     SLACcitation  = "%%CITATION = 0911.4991;%%"
}
@Article{Chatrchyan:2009im,
     author    = "Chatrchyan, Serguei and others",
 collaboration = "CMS",
     title     = "{Fine Synchronization of the CMS Muon Drift-Tube Local
                  Trigger using Cosmic Rays}",
     journal   = "JINST",
     volume    = "5",
     year      = "2010",
     pages     = "T03004",
     eprint    = "0911.4904",
     archivePrefix = "arXiv",
     primaryClass  =  "physics.ins-det",
     doi       = "10.1088/1748-0221/5/03/T03004",
     SLACcitation  = "%%CITATION = 0911.4904;%%"
}
@Article{Chatrchyan:2009ih,
     author    = "Chatrchyan, Serguei and others",
 collaboration = "CMS",
     title     = "{Calibration of the CMS Drift Tube Chambers and Measurement
                  of the Drift Velocity with Cosmic Rays}",
     journal   = "JINST",
     volume    = "5",
     year      = "2010",
     pages     = "T03016",
     eprint    = "0911.4895",
     archivePrefix = "arXiv",
     primaryClass  =  "physics.ins-det",
     doi       = "10.1088/1748-0221/5/03/T03016",
     SLACcitation  = "%%CITATION = 0911.4895;%%"
}
@Article{Chatrchyan:2009ig,
     author    = "Chatrchyan, Serguei and others",
 collaboration = "CMS",
     title     = "{Performance of the CMS Drift-Tube Local Trigger with
                  Cosmic Rays}",
     journal   = "JINST",
     volume    = "5",
     year      = "2010",
     pages     = "T03003",
     eprint    = "0911.4893",
     archivePrefix = "arXiv",
     primaryClass  =  "physics.ins-det",
     doi       = "10.1088/1748-0221/5/03/T03003",
     SLACcitation  = "%%CITATION = 0911.4893;%%"
}
@Article{Chatrchyan:2009ic,
     author    = "Chatrchyan, Serguei and others",
 collaboration = "CMS",
     title     = "{Commissioning of the CMS High-Level Trigger with Cosmic
                  Rays}",
     journal   = "JINST",
     volume    = "5",
     year      = "2010",
     pages     = "T03005",
     eprint    = "0911.4889",
     archivePrefix = "arXiv",
     primaryClass  =  "physics.ins-det",
     doi       = "10.1088/1748-0221/5/03/T03005",
     SLACcitation  = "%%CITATION = 0911.4889;%%"
}
@Article{Chatrchyan:2009hy,
     author    = "Chatrchyan, Serguei and others",
 collaboration = "CMS",
     title     = "{Identification and Filtering of Uncharacteristic Noise in
                  the CMS Hadron Calorimeter}",
     journal   = "JINST",
     volume    = "5",
     year      = "2010",
     pages     = "T03014",
     eprint    = "0911.4881",
     archivePrefix = "arXiv",
     primaryClass  =  "physics.ins-det",
     doi       = "10.1088/1748-0221/5/03/T03014",
     SLACcitation  = "%%CITATION = 0911.4881;%%"
}
@Article{Chatrchyan:2009hw,
     author    = "Chatrchyan, Serguei and others",
 collaboration = "CMS",
     title     = "{Performance of CMS Hadron Calorimeter Timing and
                  Synchronization using Test Beam, Cosmic Ray, and LHC Beam
                  Data}",
     journal   = "JINST",
     volume    = "5",
     year      = "2010",
     pages     = "T03013",
     eprint    = "0911.4877",
     archivePrefix = "arXiv",
     primaryClass  =  "physics.ins-det",
     doi       = "10.1088/1748-0221/5/03/T03013",
     SLACcitation  = "%%CITATION = 0911.4877;%%"
}
@Article{Chatrchyan:2009hg,
     author    = "Chatrchyan, Serguei and others",
 collaboration = "CMS",
     title     = "{Performance of the CMS Drift Tube Chambers with Cosmic
                  Rays}",
     journal   = "JINST",
     volume    = "5",
     year      = "2010",
     pages     = "T03015",
     eprint    = "0911.4855",
     archivePrefix = "arXiv",
     primaryClass  =  "physics.ins-det",
     doi       = "10.1088/1748-0221/5/03/T03015",
     SLACcitation  = "%%CITATION = 0911.4855;%%"
}
@Article{Chatrchyan:2009hb,
     author    = "Chatrchyan, Serguei and others",
 collaboration = "CMS",
     title     = "{Commissioning of the CMS Experiment and the Cosmic Run at
                  Four Tesla}",
     journal   = "JINST",
     volume    = "5",
     year      = "2010",
     pages     = "T03001",
     eprint    = "0911.4845",
     archivePrefix = "arXiv",
     primaryClass  =  "physics.ins-det",
     doi       = "10.1088/1748-0221/5/03/T03001",
     SLACcitation  = "%%CITATION = 0911.4845;%%"
}
@Article{:2009gz,
     author    = "Chatrchyan, Serguei and others",
 collaboration = "CMS",
     title     = "{CMS Data Processing Workflows during an Extended Cosmic
                  Ray Run}",
     journal   = "JINST",
     volume    = "5",
     year      = "2010",
     pages     = "T03006",
     eprint    = "0911.4842",
     archivePrefix = "arXiv",
     primaryClass  =  "physics.ins-det",
     doi       = "10.1088/1748-0221/5/03/T03006",
     SLACcitation  = "%%CITATION = 0911.4842;%%"
}
@Article{:2009ft,
     author    = "Chatrchyan, Serguei and others",
 collaboration = "CMS",
     title     = "{Aligning the CMS Muon Chambers with the Muon Alignment
                  System during an Extended Cosmic Ray Run}",
     journal   = "JINST",
     volume    = "5",
     year      = "2010",
     pages     = "T03019",
     eprint    = "0911.4770",
     archivePrefix = "arXiv",
     primaryClass  =  "physics.ins-det",
     doi       = "10.1088/1748-0221/5/03/T03019",
     SLACcitation  = "%%CITATION = 0911.4770;%%"
}
@Article{Chatrchyan:2009ks,
     author    = "Chatrchyan, Serguei and others",
 collaboration = "CMS",
     title     = "{Performance Study of the CMS Barrel Resistive Plate
                  Chambers with Cosmic Rays}",
     journal   = "JINST",
     volume    = "5",
     year      = "2010",
     pages     = "T03017",
     eprint    = "0911.4045",
     archivePrefix = "arXiv",
     primaryClass  =  "physics.ins-det",
     doi       = "10.1088/1748-0221/5/03/T03017",
     SLACcitation  = "%%CITATION = 0911.4045;%%"
}
@Article{:2009kr,
     author    = "Chatrchyan, Serguei and others",
 collaboration = "CMS",
     title     = "{Time Reconstruction and Performance of the CMS
                  Electromagnetic Calorimeter}",
     journal   = "JINST",
     volume    = "5",
     year      = "2010",
     pages     = "T03011",
     eprint    = "0911.4044",
     archivePrefix = "arXiv",
     primaryClass  =  "physics.ins-det",
     doi       = "10.1088/1748-0221/5/03/T03011",
     SLACcitation  = "%%CITATION = 0911.4044;%%"
}
@Article{Chatrchyan:2009km,
     author    = "Chatrchyan, Serguei and others",
 collaboration = "CMS",
     title     = "{Alignment of the CMS Muon System with Cosmic-Ray and Beam-
                  Halo Muons}",
     journal   = "JINST",
     volume    = "5",
     year      = "2010",
     pages     = "T03020",
     eprint    = "0911.4022",
     archivePrefix = "arXiv",
     primaryClass  =  "physics.ins-det",
     doi       = "10.1088/1748-0221/5/03/T03020",
     SLACcitation  = "%%CITATION = 0911.4022;%%"
}
@Article{Chatrchyan:2009si,
     author    = "Chatrchyan, Serguei and others",
 collaboration = "CMS",
     title     = "{Precise Mapping of the Magnetic Field in the CMS Barrel
                  Yoke using Cosmic Rays}",
     journal   = "JINST",
     volume    = "5",
     year      = "2010",
     pages     = "T03021",
     eprint    = "0910.5530",
     archivePrefix = "arXiv",
     primaryClass  =  "physics.ins-det",
     doi       = "10.1088/1748-0221/5/03/T03021",
     SLACcitation  = "%%CITATION = 0910.5530;%%"
}
@Article{Chatrchyan:2009qm,
     author    = "Chatrchyan, Serguei and others",
 collaboration = "CMS",
     title     = "{Performance and Operation of the CMS Electromagnetic
                  Calorimeter}",
     journal   = "JINST",
     volume    = "5",
     year      = "2010",
     pages     = "T03010",
     eprint    = "0910.3423",
     archivePrefix = "arXiv",
     primaryClass  =  "physics.ins-det",
     doi       = "10.1088/1748-0221/5/03/T03010",
     SLACcitation  = "%%CITATION = 0910.3423;%%"
}
@Article{Chatrchyan:2009sr,
     author    = "Chatrchyan, Serguei and others",
 collaboration = "CMS",
     title     = "{Alignment of the CMS Silicon Tracker during Commissioning
                  with Cosmic Rays}",
     journal   = "JINST",
     volume    = "5",
     year      = "2010",
     pages     = "T03009",
     eprint    = "0910.2505",
     archivePrefix = "arXiv",
     primaryClass  =  "physics.ins-det",
     doi       = "10.1088/1748-0221/5/03/T03009",
     SLACcitation  = "%%CITATION = 0910.2505;%%"
}
@Article{Friis:2008tg,
     author    = "Friis, E. K.",
 collaboration = "CMS",
     title     = "{Reconstruction and Identification of Hadronic Decays of
                  Taus using the CMS Detector}",
     year      = "2008",
     eprint    = "0810.3656",
     archivePrefix = "arXiv",
     primaryClass  =  "hep-ex",
     SLACcitation  = "%%CITATION = 0810.3656;%%"
}
@Article{:2008zzk,
     author    = "Adolphi, R. and others",
 collaboration = "CMS",
     title     = "{The CMS experiment at the CERN LHC}",
     journal   = "JINST",
     volume    = "3",
     year      = "2008",
     pages     = "S08004",
     doi       = "10.1088/1748-0221/3/08/S08004",
     SLACcitation  = "%%CITATION = JINST,3,S08004;%%"
}
